@article {osserman,
    AUTHOR = {Osserman, R.},
     TITLE = {The four-or-more vertex theorem},
   JOURNAL = {Amer. Math. Monthly},
  FJOURNAL = {American Mathematical Monthly},
    VOLUME = {92},
      YEAR = {1985},
    NUMBER = {5},
     PAGES = {332--337},
      ISSN = {0002-9890},
   MRCLASS = {53A04 (51L15 53C75)},
  MRNUMBER = {790188},
       DOI = {10.2307/2323126},
       URL = {https://doi.org/10.2307/2323126},
}

@article {panov-petrunin,
    AUTHOR = {Panov, D. and Petrunin, A.},
     TITLE = {Ramification conjecture and {H}irzebruch's property of line
              arrangements},
   JOURNAL = {Compos. Math.},
  FJOURNAL = {Compositio Mathematica},
    VOLUME = {152},
      YEAR = {2016},
    NUMBER = {12},
     PAGES = {2443--2460},
      ISSN = {0010-437X},
   MRCLASS = {53C23 (52C35 57N65)},
  MRNUMBER = {3594282},
MRREVIEWER = {Alexander O. Ivanov},
       DOI = {10.1112/S0010437X16007648},
       URL = {https://doi.org/10.1112/S0010437X16007648},
}

@article {pestov-ionin,
    AUTHOR = {Pestov, G. and Ionin, V.},
     TITLE = {On the largest possible circle imbedded in a given closed
              curve},
   JOURNAL = {Dokl. Akad. Nauk SSSR},
  FJOURNAL = {Doklady Akademii Nauk SSSR},
    VOLUME = {127},
      YEAR = {1959},
     PAGES = {1170--1172},
      ISSN = {0002-3264},
   MRCLASS = {52.00},
  MRNUMBER = {0107214},
MRREVIEWER = {B. Gr\"{u}nbaum},
}

@book{petrunin-2020,
      title={PIGTIKAL (puzzles in geometry that I know and love)}, 
      author={Petrunin, A.},
      year={2020}
}

@book {petrunin-zamora,
      title={What is differential geometry: curves and surfaces}, 
      author={Petrunin, A. and Zamora Barrera, S.},
      year={2020}
}

@article {ghys-tabachnikov-timorin,
    AUTHOR = {Ghys, \'{E}. and Tabachnikov, S. and Timorin, V.},
     TITLE = {Osculating curves: around the {T}ait--{K}neser theorem},
   JOURNAL = {Math. Intelligencer},
  FJOURNAL = {The Mathematical Intelligencer},
    VOLUME = {35},
      YEAR = {2013},
    NUMBER = {1},
     PAGES = {61--66},
      ISSN = {0343-6993},
   MRCLASS = {53Cxx},
  MRNUMBER = {3041992},
       DOI = {10.1007/s00283-012-9336-6},
       URL = {https://doi.org/10.1007/s00283-012-9336-6},
}

@book {toponogov,
    AUTHOR = {Toponogov, V. A.},
     TITLE = {Differential geometry of curves and surfaces},
 %PUBLISHER = {Birkh\"{a}user Boston, Inc., Boston, MA},
      YEAR = {2006},
   %  PAGES = {xiv+206},
      ISBN = {978-0-8176-4384-3; 0-8176-4384-2},
   MRCLASS = {53-01 (53A04 53A05 53C45)},
  MRNUMBER = {2208981},
MRREVIEWER = {Wolfgang K\"{u}hnel},
}
